
    <zs:record>
      <zs:recordSchema/>
      <zs:recordPacking>xml</zs:recordPacking>
      <zs:recordData>
        <record xmlns="http://www.loc.gov/MARC21/slim">
          <leader>02841cpcaa2200505 i 4500</leader>
          <controlfield tag="001">5807806</controlfield>
          <controlfield tag="005">20230228111206.0</controlfield>
          <controlfield tag="008">810119||||||||||||                 eng  </controlfield>
          <datafield tag="906" ind1=" " ind2=" ">
            <subfield code="a">7</subfield>
            <subfield code="b">cbc</subfield>
            <subfield code="c">orignew</subfield>
            <subfield code="d">u</subfield>
            <subfield code="e">ncip</subfield>
            <subfield code="f">19</subfield>
            <subfield code="g">y-manuscri</subfield>
          </datafield>
          <datafield tag="010" ind1=" " ind2=" ">
            <subfield code="a">mm 80010264 </subfield>
            <subfield code="b">ms 60000038 </subfield>
            <subfield code="z">   71206230 </subfield>
          </datafield>
          <datafield tag="024" ind1="7" ind2=" ">
            <subfield code="a">MSS10264</subfield>
            <subfield code="2">lcmd</subfield>
          </datafield>
          <datafield tag="035" ind1=" " ind2=" ">
            <subfield code="9">(DLC)mm 80010264</subfield>
          </datafield>
          <datafield tag="040" ind1=" " ind2=" ">
            <subfield code="a">DLC</subfield>
            <subfield code="b">eng</subfield>
            <subfield code="e">dacs</subfield>
            <subfield code="c">DLC</subfield>
            <subfield code="d">DLC</subfield>
          </datafield>
          <datafield tag="050" ind1="0" ind2="0">
            <subfield code="a">Z6616.R88</subfield>
            <subfield code="b">P5</subfield>
          </datafield>
          <datafield tag="072" ind1=" " ind2="7">
            <subfield code="a">C</subfield>
            <subfield code="2">lcmd</subfield>
          </datafield>
          <datafield tag="090" ind1=" " ind2=" ">
            <subfield code="b">Microfilm 14,221-2P</subfield>
          </datafield>
          <datafield tag="100" ind1="1" ind2=" ">
            <subfield code="a">Rutledge, John,</subfield>
            <subfield code="c">Jr.,</subfield>
            <subfield code="d">1766-1819.</subfield>
          </datafield>
          <datafield tag="245" ind1="0" ind2="0">
            <subfield code="a">John Rutledge Jr., papers,</subfield>
            <subfield code="f">1782-1872.</subfield>
          </datafield>
          <datafield tag="246" ind1="1" ind2=" ">
            <subfield code="a">John Rutledge papers</subfield>
          </datafield>
          <datafield tag="300" ind1=" " ind2=" ">
            <subfield code="a">2</subfield>
            <subfield code="f">microfilm reels.</subfield>
          </datafield>
          <datafield tag="506" ind1="0" ind2=" ">
            <subfield code="a">Open to research.</subfield>
          </datafield>
          <datafield tag="520" ind1="8" ind2=" ">
            <subfield code="a">Chiefly letters written to Rutledge by his friends, his brothers in Charleston, S.C., political leaders, and government officials relating to his travels in Europe and to his political activities.  Includes material relating to business and personal affairs; letters from Rutledge to his father-in-law, Bishop Robert Smith, written during Rutledge's congressional service; business records of Hugh Rose, a South Carolina planter whose daughter married Rutledge's son; papers of Abram A. Massias, major and paymaster in the U.S. Army; and papers of other members of the Rutledge family.  Correspondents include Harrison Gray Otis and William Short.</subfield>
          </datafield>
          <datafield tag="500" ind1=" " ind2=" ">
            <subfield code="a">Microfilm of originals in the Southern Historical Collection, University of North Carolina at Chapel Hill.</subfield>
          </datafield>
          <datafield tag="530" ind1=" " ind2=" ">
            <subfield code="a">Microfilm edition only available,</subfield>
            <subfield code="d">no. 14,221.</subfield>
          </datafield>
          <datafield tag="535" ind1="1" ind2=" ">
            <subfield code="a">University of North Carolina at Chapel Hill/Southern Historical Collection;</subfield>
            <subfield code="b">Chapel Hill, N.C.</subfield>
          </datafield>
          <datafield tag="541" ind1=" " ind2=" ">
            <subfield code="c">Purchase,</subfield>
            <subfield code="d">1968.</subfield>
          </datafield>
          <datafield tag="545" ind1="0" ind2=" ">
            <subfield code="a">U.S. representative and public official of South Carolina, army officer, and plantation owner.</subfield>
          </datafield>
          <datafield tag="546" ind1=" " ind2=" ">
            <subfield code="a">Collection material in English.</subfield>
          </datafield>
          <datafield tag="555" ind1="8" ind2=" ">
            <subfield code="a">Finding aid available in the Library of Congress Manuscript Reading Room.</subfield>
          </datafield>
          <datafield tag="600" ind1="1" ind2="0">
            <subfield code="a">Otis, Harrison Gray,</subfield>
            <subfield code="d">1765-1848</subfield>
            <subfield code="v">Correspondence.</subfield>
          </datafield>
          <datafield tag="600" ind1="1" ind2="0">
            <subfield code="a">Short, William,</subfield>
            <subfield code="d">1759-1849</subfield>
            <subfield code="v">Correspondence.</subfield>
          </datafield>
          <datafield tag="600" ind1="1" ind2="0">
            <subfield code="a">Smith, Robert,</subfield>
            <subfield code="d">1732-1801</subfield>
            <subfield code="v">Correspondence.</subfield>
          </datafield>
          <datafield tag="600" ind1="3" ind2="0">
            <subfield code="a">Rutledge family</subfield>
          </datafield>
          <datafield tag="650" ind1=" " ind2="0">
            <subfield code="a">Plantations</subfield>
            <subfield code="z">South Carolina.</subfield>
          </datafield>
          <datafield tag="651" ind1=" " ind2="0">
            <subfield code="a">Europe</subfield>
            <subfield code="x">Description and travel.</subfield>
          </datafield>
          <datafield tag="651" ind1=" " ind2="0">
            <subfield code="a">South Carolina</subfield>
            <subfield code="x">Politics and government</subfield>
            <subfield code="y">1775-1865.</subfield>
          </datafield>
          <datafield tag="651" ind1=" " ind2="0">
            <subfield code="a">United States</subfield>
            <subfield code="x">Politics and government</subfield>
            <subfield code="y">1783-1865.</subfield>
          </datafield>
          <datafield tag="656" ind1=" " ind2="7">
            <subfield code="a">Army officers.</subfield>
            <subfield code="2">itoamc</subfield>
          </datafield>
          <datafield tag="656" ind1=" " ind2="7">
            <subfield code="a">Plantation owners.</subfield>
            <subfield code="2">itoamc</subfield>
          </datafield>
          <datafield tag="656" ind1=" " ind2="7">
            <subfield code="a">Public officials</subfield>
            <subfield code="z">South Carolina.</subfield>
            <subfield code="2">itoamc</subfield>
          </datafield>
          <datafield tag="656" ind1=" " ind2="7">
            <subfield code="a">Representatives, U.S. Congress</subfield>
            <subfield code="z">South Carolina.</subfield>
            <subfield code="2">itoamc</subfield>
          </datafield>
          <datafield tag="700" ind1="1" ind2=" ">
            <subfield code="a">Massias, Abram A.</subfield>
            <subfield code="c">(Army officer)</subfield>
            <subfield code="t">Abram A. Massias papers.</subfield>
          </datafield>
          <datafield tag="700" ind1="1" ind2=" ">
            <subfield code="a">Rose, Hugh,</subfield>
            <subfield code="d">1756-1811.</subfield>
            <subfield code="t">Hugh Rose business records.</subfield>
          </datafield>
          <datafield tag="852" ind1=" " ind2=" ">
            <subfield code="a">Library of Congress</subfield>
            <subfield code="b">Manuscript Division</subfield>
            <subfield code="e">Washington, D.C. 20540 USA</subfield>
            <subfield code="n">dcu</subfield>
            <subfield code="u">http://hdl.loc.gov/loc.mss/mss.home</subfield>
          </datafield>
          <datafield tag="985" ind1=" " ind2=" ">
            <subfield code="e">MSS.</subfield>
          </datafield>
        </record>
      </zs:recordData>
      <zs:recordPosition>7</zs:recordPosition>
    </zs:record>
  </zs:records>
  <zs:echoedSearchRetrieveRequest>
    <zs:version>1.1</zs:version>
    <zs:query>dc.creator="Abram, A." or dc.creator="Abram, Annie"</zs:query>
    <zs:maximumRecords>100</zs:maximumRecords>
    <zs:recordPacking>xml</zs:recordPacking>
  </zs:echoedSearchRetrieveRequest>
</zs:searchRetrieveResponse>
